@ONLINE{NextMind,
    description = {NextMind is shipping World’s First Real-time Brain-Sensing Wearable to the Developers community, offering new human-computer interactions.},
    title = {NextMind | Let your mind take control | Order your Dev Kit},
    url = {https://www.next-mind.com/},
    urldate = {2021-05-08}
}

@article{bluray,
    author = {Blu-ray Disc Association},
    pages = {10},
    title = {White paper Blu-ray Disc Format 2.B Audio Visual Application, Format Specifications for BD-ROM},
    volume = {1},
    year = {2012},
    url = {http://www.blu-raydisc.com/Assets/downloadablefile/2b_bdrom_audiovisualapplication_0305-12955-15269.pdf},
    comment = {2005, letzter Zugriff},
}

@article{dooley_streicher,
    author = {Dooley, Wesley L. and Streicher, Ronald D.:},
    journal = {Journ. Audio Engineering Society},
    pages = {10},
    title = {A Powerful Technique for Working in Stereo},
    volume = {30},
    year = {1982},
}

@book{kuttruff,
    address = {Elsevier},
    author = {Kuttruff, Heinrich},
    publisher = {3. Aufl},
    title = {Room Acoustics},
    year = {1991},
}

@book{spehr,
    author = {Spehr, Georg (Hrsg.)},
    publisher = {transcript},
    title = {Funktionale Klänge},
    year = {2009},
}

@book{sowodniok,
    address = {transcript},
    author = {Sowodniok, Ulrike},
    publisher = {Funktionale Klänge},
    title = {Funktionaler Stimmklang -- Ein Prozess mit Nachhalligkeit in: Spehr, Georg (Hrsg.):},
    year = {2009},
}

@article{stephenson,
    author = {Stephenson, Uwe},
    journal = {Applied Acoustics},
    title = {Comparison of the Mirror Image Source Method and the Sound Particle Simulation Method},
    volume = {29},
    year = {1990},
}
